stanford cs 299 hw:
http://cs229.stanford.edu/proj2014/Wenqing%20Yang,%20Harvey%20Han,%20Object%20Recognition%20in%20Images.pdf
